
        <record>
            <recordSchema>marcxml</recordSchema>
            <recordPacking>xml</recordPacking>
            <recordData>
                <record xmlns="http://www.loc.gov/MARC21/slim">
                    <leader>00805caa a2200229 c 4500</leader>
                    <controlfield tag="001">990827004004702201</controlfield>
                    <controlfield tag="005">20190130101839.0</controlfield>
                    <controlfield tag="007">ta</controlfield>
                    <controlfield tag="008">081114s2008 xx#||||f||||||000|u|ger|d</controlfield>
                    <datafield tag="035" ind1=" " ind2=" ">
                        <subfield code="a">082700400-47bibsys_network</subfield>
                    </datafield>
                    <datafield tag="035" ind1=" " ind2=" ">
                        <subfield code="a">(NO-TrBIB)082700400</subfield>
                    </datafield>
                    <datafield tag="040" ind1=" " ind2=" ">
                        <subfield code="a">NO-TrBIB</subfield>
                        <subfield code="b">nob</subfield>
                        <subfield code="e">katreg</subfield>
                    </datafield>
                    <datafield tag="100" ind1="1" ind2=" ">
                        <subfield code="a">Gabriel, Ute.</subfield>
                        <subfield code="4">aut</subfield>
                        <subfield code="0">(NO-TrBIB)8071732</subfield>
                    </datafield>
                    <datafield tag="245" ind1="1" ind2="0">
                        <subfield code="a">Strafbedürfnisse und Strafeinstellungen =</subfield>
                        <subfield code="b">Attitudes towards and demands for punishment</subfield>
                        <subfield code="c">Ute Gabriel & Werner Greve</subfield>
                    </datafield>
                    <datafield tag="246" ind1="3" ind2="1">
                        <subfield code="a">Attitudes towards and demands for punishment</subfield>
                    </datafield>
                    <datafield tag="260" ind1=" " ind2=" ">
                        <subfield code="c">2008</subfield>
                    </datafield>
                    <datafield tag="300" ind1=" " ind2=" ">
                        <subfield code="a">S. 467-476</subfield>
                    </datafield>
                    <datafield tag="700" ind1="1" ind2=" ">
                        <subfield code="a">Greve, Werner,</subfield>
                        <subfield code="d">1959-</subfield>
                        <subfield code="0">(NO-TrBIB)6098384</subfield>
                    </datafield>
                    <datafield tag="773" ind1="0" ind2=" ">
                        <subfield code="t">Handbuch der Rechtspsychologie</subfield>
                        <subfield code="d">Göttingen : Hogrefe, c2008</subfield>
                        <subfield code="z">9783801718510</subfield>
                        <subfield code="w">990812345704702201</subfield>
                    </datafield>
                    <datafield tag="901" ind1=" " ind2=" ">
                        <subfield code="a">80</subfield>
                    </datafield>
                    <datafield tag="914" ind1=" " ind2=" ">
                        <subfield code="a">Scientific</subfield>
                    </datafield>
                    <datafield tag="915" ind1=" " ind2=" ">
                        <subfield code="a">1</subfield>
                    </datafield>
                </record>
            </recordData>
            <recordIdentifier>990827004004702201</recordIdentifier>
            <recordPosition>2</recordPosition>
        </record>
    </records>
    <extraResponseData xmlns:xb="http://www.exlibris.com/repository/search/xmlbeans/">
        <xb:exact>true</xb:exact>
        <xb:responseDate>2020-02-12T10:55:51+0100</xb:responseDate>
    </extraResponseData>
</searchRetrieveResponse>